@article{wing2006computational,
  title={Computational thinking},
  author={Wing, Jeannette M},
  journal={Communications of the ACM},
  volume={49},
  number={3},
  pages={33--35},
  year={2006}
}

@article{resnick2009scratch,
  title={Scratch: programming for all},
  author={Resnick, Mitchel and Maloney, John and Monroy-Hern{\'a}ndez, Andr{\'e}s and Rusk, Natalie and Eastmond, Evelyn and Brennan, Karen and Millner, Amon and Rosenbaum, Eric and Silver, Jay and Silverman, Brian and others},
  journal={Communications of the ACM},
  volume={52},
  number={11},
  pages={60--67},
  year={2009},
  publisher={ACM}
}

@inproceedings{moreno2015dr,
  title={Dr. Scratch: A web tool to automatically evaluate Scratch projects},
  author={Moreno-Le{\'o}n, Jes{\'u}s and Robles, Gregorio},
  booktitle={Proceedings of the workshop in primary and secondary computing education},
  pages={132--133},
  year={2015},
  organization={ACM}
}

@inproceedings{robles2018ontools,
  title={On Tools that Support the Development of Computational Thinking Skills: Some Thoughts and Future Vision},
  author={Gregorio Robles and Jean Carlo Rossa Hauck and Jes{\'u}s Moreno-Le{\'o}n and Marcos Rom{\'a}n-Gonz{\'a}lez and Roberto Nombela and
Christiane Gresse von Wangenheim},
  booktitle={Proceedings of International Conference on Computational Thinking Education (CTE 2018), S. C Kong, J Sheldon, and K. Y Li (Eds.). The Education University of Hong Kong},
  pages={to appear},
  year={2018}
}

